@string{cup = {Cambridge University Press}}
@string{mit = {MIT Press}}
@string{springer = {Spring\-er-Ver\-lag}}
@string{AW = {Ad\-di\-son-Wes\-ley}}
@string{PAMI = {IEEE Transactions on Pattern Analysis and Machine Intelligence}}
@string{ijcv = {International Journal of Computer Vision}}
@string{icip = "IEEE International Conference on Image Processing"}
@String{ CUC96		= "Proceedings of the First International Component Users Conference (CUC)" }
@String{ CVPR91		= "Proceedings of the IEEE Computer Vision and Pattern Recognition Conference (CVPR)" }
@String{ CVPR01		= "Proceedings of the IEEE Computer Vision and Pattern Recognition Conference (CVPR)" }
@String{ ISAR00		= "Proceedings of the IEEE and ACM International Symposium on Augmented Reality (ISAR)" }
@String{ ISAR01		= "Proceedings of the IEEE and ACM International Symposium on Augmented Reality (ISAR)" }
@String{ ISMAR02	= "Proceedings of the IEEE and ACM International Symposium on Mixed and Augmented Reality (ISMAR)" }
@String{ ISMAR03	= "Proceedings of the Second IEEE and ACM International Symposium on Mixed and Augmented Reality (ISMAR)" }
@String{ IWAR98		= "Proceedings of the 1st International Workshop on Augmented Reality (IWAR)" }
@String{ MICCAI		= "Proceedings of the International Conference on Medical Image Computing and Computer-Assisted Intervention (MICCAI)" }
@String{ MMVR02		= "Proceedings of the 10th Annual Medicine Meets Virtual Reality Conference (MMVR)" }
@String{ MMVR03		= "Proceedings of the 11th Annual Medicine Meets Virtual Reality Conference (MMVR)" }
@String{ MMVR04		= "Proceedings of the 12th Annual Medicine Meets Virtual Reality Conference (MMVR)" }
@String{ RSNA02		= "Radiological Society of North America's 88th Scientific Assembly and Annual Meeting (RSNA)" }
@String{ SIGGRAPH96	= "SIGGRAPH 96 Computer Graphics Proceedings, Annual Conference Series" }
@String{ SPIEMI01	= "Proceedings of SPIE's Conference of Medical Imaging 2001" }


